<record><leader>00000cas a22000007a 4500</leader><controlfield tag="001">34773378</controlfield><controlfield tag="008">960522d19871988cauwr ne      0    0eng d</controlfield><datafield ind1=" " ind2=" " tag="010"><subfield code="a">sn 96062727 </subfield></datafield><datafield ind1=" " ind2=" " tag="040"><subfield code="a">CNK</subfield><subfield code="b">eng</subfield><subfield code="c">CNK</subfield><subfield code="d">OCLCQ</subfield><subfield code="d">CRU</subfield><subfield code="d">OCLCQ</subfield><subfield code="d">OCLCF</subfield><subfield code="d">OCLCO</subfield></datafield><datafield ind1="1" ind2=" " tag="029"><subfield code="a">AU@</subfield><subfield code="b">000012500784</subfield></datafield><datafield ind1=" " ind2=" " tag="042"><subfield code="a">msc</subfield></datafield><datafield ind1=" " ind2=" " tag="043"><subfield code="a">n-us-ca</subfield></datafield><datafield ind1="1" ind2="4" tag="050"><subfield code="a">AN1.C36</subfield><subfield code="b">B84</subfield></datafield><datafield ind1="0" ind2=" " tag="130"><subfield code="a">Compton herald American (South Gate, Calif.)</subfield></datafield><datafield ind1="1" ind2="0" tag="245"><subfield code="a">Compton herald American.</subfield></datafield><datafield ind1="3" ind2=" " tag="246"><subfield code="a">Herald American</subfield></datafield><datafield ind1=" " ind2=" " tag="260"><subfield code="a">South Gate, CA. :</subfield><subfield code="b">Alan M. Horton</subfield></datafield><datafield ind1=" " ind2=" " tag="300"><subfield code="a">v.</subfield></datafield><datafield ind1=" " ind2=" " tag="310"><subfield code="a">Weekly</subfield></datafield><datafield ind1="0" ind2=" " tag="362"><subfield code="a">66th year, no. 37 (Sept. 10, 1987)-67th year, no. 7 (Feb. 18, 1988).</subfield></datafield><datafield ind1=" " ind2=" " tag="500"><subfield code="a">"Also serving Lynwood."</subfield></datafield><datafield ind1=" " ind2=" " tag="500"><subfield code="a">"Compton" appears in different locations in masthead.</subfield></datafield><datafield ind1=" " ind2=" " tag="580"><subfield code="a">Published in several local editions.</subfield></datafield><datafield ind1=" " ind2="0" tag="651"><subfield code="a">Compton (Calif.)</subfield><subfield code="v">Newspapers.</subfield></datafield><datafield ind1=" " ind2="0" tag="651"><subfield code="a">Lynwood (Calif.)</subfield><subfield code="v">Newspapers.</subfield></datafield><datafield ind1=" " ind2="7" tag="655"><subfield code="a">Newspapers.</subfield><subfield code="2">fast</subfield><subfield code="0">(OCoLC)fst01423814</subfield></datafield><datafield ind1=" " ind2="7" tag="651"><subfield code="a">California</subfield><subfield code="z">Compton.</subfield><subfield code="2">fast</subfield><subfield code="0">(OCoLC)fst01218709</subfield></datafield><datafield ind1=" " ind2="7" tag="651"><subfield code="a">California</subfield><subfield code="z">Lynwood.</subfield><subfield code="2">fast</subfield><subfield code="0">(OCoLC)fst01219040</subfield></datafield><datafield ind1=" " ind2=" " tag="752"><subfield code="a">United States</subfield><subfield code="b">California</subfield><subfield code="c">Los Angeles</subfield><subfield code="d">South Gate.</subfield></datafield><datafield ind1="0" ind2="0" tag="780"><subfield code="t">Compton-Lynwood herald American</subfield><subfield code="w">(DLC)sn 96062726</subfield></datafield></record>